% Optional fields: subtitle, titleaddon, language, version, note,
organization, date, month, year, addendum, pubstate, urldate
@online{0,
    title = {About RISC-V},
    year = {2021},
    url = {https://riscv.org/about/}
}
% Optional fields: subtitle, titleaddon, language, version, note,
organization, date, month, year, addendum, pubstate, urldate
@online{1,
    title = {QEMU},
    url = {https://wiki.qemu.org/index.php?title=Main_Page&oldid=9546},
	year={2020},
	month={Jul.},
	date={9}
}
% Optional fields: subtitle, titleaddon, language, version, note,
organization, date, month, year, addendum, pubstate, urldate
@online{2,
    title = {RISC-V开源指令集架构简介与应用前景分析},
    url = {http://www.scensmart.com/news/the-introduction-of-risc-v-and-application-prospect-analysis/},
	year={2019},
	month={Nov.},
	date={2}
}
% Optional fields: subtitle, titleaddon, language, version, note,
organization, date, month, year, addendum, pubstate, urldate
@online{3,
    title = {故事：Rust在企业领域的应用},
    url= {https://zhuanlan.zhihu.com/p/61410107},
	author={张汉东},
	year={2019},
	month={Apr.},
	date={4}
}

@manual{5,
	author = "{RISC-V Platform Specification Task Group}",
	title = {RISC-V Supervisor Binary Interface Specification},
	date = {22},
	year={2022},
	month={Mar.},
	edition = {1.0.0},
	url = {https://github.com/riscv-non-isa/riscv-sbi-doc/releases/tag/v1.0.0},
}

% Optional fields: subtitle, titleaddon, language, version, note,
organization, date, month, year, addendum, pubstate, urldate
@online{6,
	title = {OpenSBI Version 1.0},
    url = {https://github.com/riscv-software-src/opensbi/releases/tag/v1.0},
	year = {2021},
	month = {Dec.},
	date = {24},
}
@book{7,
	author = {Steve Klabink},
	title = {The Rust Programming Language},
	year = {2019},
	publisher = {The Rust Community},
}
@online{8,
	author = {肖猛},
	editor = {高宪凤},
	title = {图解 Rust 所有权与生命周期},
	year={2021},
	url = {https://rustmagazine.github.io/rust_magazine_2021/chapter_1/rust_ownership.html},
}
@online{9,
	author = {hardsinging},
	title = {Rust线程安全编程分析},
	date = {12},
	month={Mar.},
	year={2022},
	url = {https://zhuanlan.zhihu.com/p/138394529},
}
@online{a,
	author = {尹天宇},
	title = {RISC-V特权等级与Linux内核的启动},
	year = {2020},
	month = {Aug.},
	date = {23},
	url = {https://zhuanlan.zhihu.com/p/164394603},
}
@online{b,
	author = "{辣椒油li}",
	title = {RISC-V基本介绍},
	year = {2022},
	month = {Jan.},
	date = {22},
	url = {https://blog.csdn.net/lijianyi0219/article/details/122634356},
}
@online{c,
	author = {orangeQWJ},
	title = {RISC-V 特权指令结构},
	year = {2022},
	month = {Feb.},
	date = {19},
	url = {https://www.cnblogs.com/orangeQWJ/p/15912780.html},
}
@online{d,
	author = "{shawn}",
	title = {闲聊RISC-V虚拟化（1）-CPU虚拟化},
	year = {2021},
	month = {Sep.},
	date = {8},
	url = {https://zhuanlan.zhihu.com/p/408197895},
}
@online{e,
	author = {樊金昊 and 左顺 and 宁雨亭 and 黄业琦 and 张俸铭 and 雷思琦},
	title = {可行性报告},
	year = {2019},
	month = {Apr.},
	date = {9},
	url = {https://github.com/OSH-2019/x-rust-freertos/blob/master/docs/feasibility.md},
}
@online{qemu-virt,
	title={`virt' Generic Virtual Platform (virt)},
	url = {https://www.qemu.org/docs/master/system/riscv/virt.html},
	year={2022}
}
@online{qemu7,
	title={QEMU 7.0 Released with KVM Support for RISC-V, ARM and OpenRISC Improvements},
	author={Marius Nestor},
	url={https://9to5linux.com/qemu-7-0-released-with-kvm-support-for-risc-v-arm-and-openrisc-improvements},
	year={2022},
	date={19},
	month={Apr.}
}
