% Optional fields: subtitle, titleaddon, language, version, note,
organization, date, month, year, addendum, pubstate, urldate
@online{0,
    title = {About RISC-V},
    year = {2021},
    url = {https://riscv.org/about/}
}
% Optional fields: subtitle, titleaddon, language, version, note,
organization, date, month, year, addendum, pubstate, urldate
@online{1,
    title = {QEMU},
    url = {https://wiki.qemu.org/Main_Page}
}
% Optional fields: subtitle, titleaddon, language, version, note,
organization, date, month, year, addendum, pubstate, urldate
@online{2,
    title = {RISC-V开源指令集架构简介与应用前景分析},
    url = {http://www.scensmart.com/news/the-introduction-of-risc-v-and-application-prospect-analysis/}
}
% Optional fields: subtitle, titleaddon, language, version, note,
organization, date, month, year, addendum, pubstate, urldate
@online{3,
    title = {故事：Rust在企业领域的应用},
    url= {https://zhuanlan.zhihu.com/p/61410107}
}
% Optional fields: subtitle, titleaddon, language, version, note,
organization, date, month, year, addendum, pubstate, urldate
@online{4,
	title = {什么是RISC架构？RISC架构的优点与缺点},
	url = {http://www.enroo.com/support/category1/dpjrmzs/78378500.html}
}
% Optional fields: subtitle, titleaddon, language, version, note,
organization, date, month, year, addendum, pubstate, urldate
@online{5,
    title = {Release V1.0.0},
    url = {https://github.com/riscv-non-isa/riscv-sbi-doc/releases/tag/v1.0.0}
}
% Optional fields: subtitle, titleaddon, language, version, note,
organization, date, month, year, addendum, pubstate, urldate
@online{6,
	title = {Release OpenSBI Version 1.0},
    url = {https://github.com/riscv-software-src/opensbi/releases/tag/v1.0}
}

